[gd_scene load_steps=24 format=3 uid="uid://uq3koeq8mwfh"]

[ext_resource type="Script" path="res://scenes/enemy/scripts/basic_enemy.gd" id="1_nnfhg"]
[ext_resource type="Texture2D" uid="uid://e43tb1c0et0g" path="res://assets/enemy/desert/Desert_Slime-Sheet.png" id="2_byjpx"]
[ext_resource type="PackedScene" uid="uid://b6tl0aqura5tb" path="res://scenes/components/hitbox_component.tscn" id="3_i3xfl"]
[ext_resource type="PackedScene" uid="uid://uoieh0xg74m8" path="res://scenes/components/velocity_component.tscn" id="4_bnvqr"]
[ext_resource type="PackedScene" uid="uid://eq4d304mvq8" path="res://scenes/components/health_component.tscn" id="5_mesfi"]
[ext_resource type="PackedScene" uid="uid://bqn3i0cwtbvgm" path="res://scenes/components/experience_drop_component.tscn" id="6_nnqns"]
[ext_resource type="PackedScene" uid="uid://2ldweoxo7n1m" path="res://scenes/game_objects/experience_item/experience_item.tscn" id="7_8ekpl"]
[ext_resource type="PackedScene" uid="uid://bk3thb5yriv7w" path="res://scenes/components/hit_flash_component.tscn" id="8_vhnij"]
[ext_resource type="Shader" path="res://resources/shader/hit_flash_component.gdshader" id="9_n4dy3"]
[ext_resource type="PackedScene" uid="uid://p2m5p3v1ldw6" path="res://scenes/components/death_component.tscn" id="10_grywk"]
[ext_resource type="PackedScene" uid="uid://c4sk5bpce1i2e" path="res://scenes/components/hurtbox_component.tscn" id="11_nhlc5"]
[ext_resource type="Script" path="res://scenes/components/base_enemy_attack.gd" id="12_0c83d"]

[sub_resource type="SceneReplicationConfig" id="SceneReplicationConfig_ob2xb"]
properties/0/path = NodePath(".:position")
properties/0/spawn = true
properties/0/sync = true
properties/0/watch = false
properties/1/path = NodePath("AnimationPlayer:current_animation")
properties/1/spawn = true
properties/1/sync = true
properties/1/watch = false
properties/2/path = NodePath("Visuals:scale")
properties/2/spawn = true
properties/2/sync = true
properties/2/watch = false

[sub_resource type="Animation" id="Animation_w5dwp"]
length = 0.001
tracks/0/type = "value"
tracks/0/imported = false
tracks/0/enabled = true
tracks/0/path = NodePath("Visuals/Sprite2D:frame")
tracks/0/interp = 1
tracks/0/loop_wrap = true
tracks/0/keys = {
"times": PackedFloat32Array(0),
"transitions": PackedFloat32Array(1),
"update": 1,
"values": [0]
}
tracks/1/type = "value"
tracks/1/imported = false
tracks/1/enabled = true
tracks/1/path = NodePath("Visuals/HitboxComponent/CollisionShape2D:disabled")
tracks/1/interp = 1
tracks/1/loop_wrap = true
tracks/1/keys = {
"times": PackedFloat32Array(0),
"transitions": PackedFloat32Array(1),
"update": 1,
"values": [true]
}

[sub_resource type="Animation" id="Animation_qfysf"]
resource_name = "attack"
length = 0.4
tracks/0/type = "value"
tracks/0/imported = false
tracks/0/enabled = true
tracks/0/path = NodePath("Visuals/Sprite2D:frame")
tracks/0/interp = 1
tracks/0/loop_wrap = true
tracks/0/keys = {
"times": PackedFloat32Array(0, 0.1, 0.2, 0.3),
"transitions": PackedFloat32Array(1, 1, 1, 1),
"update": 1,
"values": [5, 6, 7, 8]
}
tracks/1/type = "value"
tracks/1/imported = false
tracks/1/enabled = true
tracks/1/path = NodePath("Visuals/HitboxComponent/CollisionShape2D:disabled")
tracks/1/interp = 1
tracks/1/loop_wrap = true
tracks/1/keys = {
"times": PackedFloat32Array(0.2, 0.3),
"transitions": PackedFloat32Array(1, 1),
"update": 1,
"values": [false, true]
}

[sub_resource type="Animation" id="Animation_l1okr"]
resource_name = "idle"
length = 0.1
tracks/0/type = "value"
tracks/0/imported = false
tracks/0/enabled = true
tracks/0/path = NodePath("Visuals/Sprite2D:frame")
tracks/0/interp = 1
tracks/0/loop_wrap = true
tracks/0/keys = {
"times": PackedFloat32Array(0),
"transitions": PackedFloat32Array(1),
"update": 1,
"values": [0]
}

[sub_resource type="Animation" id="Animation_86ikv"]
resource_name = "walk"
length = 0.5
tracks/0/type = "value"
tracks/0/imported = false
tracks/0/enabled = true
tracks/0/path = NodePath("Visuals/Sprite2D:frame")
tracks/0/interp = 1
tracks/0/loop_wrap = true
tracks/0/keys = {
"times": PackedFloat32Array(0, 0.1, 0.2, 0.3, 0.4),
"transitions": PackedFloat32Array(1, 1, 1, 1, 1),
"update": 1,
"values": [0, 1, 2, 3, 4]
}

[sub_resource type="AnimationLibrary" id="AnimationLibrary_1nm7t"]
_data = {
"RESET": SubResource("Animation_w5dwp"),
"attack": SubResource("Animation_qfysf"),
"idle": SubResource("Animation_l1okr"),
"walk": SubResource("Animation_86ikv")
}

[sub_resource type="RectangleShape2D" id="RectangleShape2D_ivs71"]
size = Vector2(17, 23)

[sub_resource type="CircleShape2D" id="CircleShape2D_f84kk"]
radius = 5.0

[sub_resource type="ShaderMaterial" id="ShaderMaterial_ft40f"]
resource_local_to_scene = true
shader = ExtResource("9_n4dy3")
shader_parameter/lerp_percent = null

[sub_resource type="RectangleShape2D" id="RectangleShape2D_testd"]
size = Vector2(21, 17.6875)

[sub_resource type="CircleShape2D" id="CircleShape2D_fxdfc"]
radius = 52.0

[node name="SlimeEnemy" type="CharacterBody2D" groups=["enemy"]]
collision_layer = 16
collision_mask = 21
motion_mode = 1
script = ExtResource("1_nnfhg")

[node name="MultiplayerSynchronizer" type="MultiplayerSynchronizer" parent="."]
replication_config = SubResource("SceneReplicationConfig_ob2xb")

[node name="AnimationPlayer" type="AnimationPlayer" parent="."]
libraries = {
"": SubResource("AnimationLibrary_1nm7t")
}

[node name="Visuals" type="Node2D" parent="."]

[node name="Sprite2D" type="Sprite2D" parent="Visuals"]
position = Vector2(-6, 0)
texture = ExtResource("2_byjpx")
offset = Vector2(9, -16)
hframes = 9
region_rect = Rect2(134, 44, 24, 20)

[node name="HitboxComponent" parent="Visuals" instance=ExtResource("3_i3xfl")]
collision_layer = 2
collision_mask = 0

[node name="CollisionShape2D" type="CollisionShape2D" parent="Visuals/HitboxComponent"]
position = Vector2(28, -13)
shape = SubResource("RectangleShape2D_ivs71")
disabled = true

[node name="CollisionShape2D" type="CollisionShape2D" parent="."]
position = Vector2(0, -4)
shape = SubResource("CircleShape2D_f84kk")

[node name="VelocityComponent" parent="." instance=ExtResource("4_bnvqr")]
MAX_SPEED = 20.0

[node name="HealthComponent" parent="." instance=ExtResource("5_mesfi")]

[node name="DroppableComponent" parent="." node_paths=PackedStringArray("health_component") instance=ExtResource("6_nnqns")]
health_component = NodePath("../HealthComponent")
exp_scene = ExtResource("7_8ekpl")

[node name="HitFlashComponent" parent="." node_paths=PackedStringArray("health_component", "sprite") instance=ExtResource("8_vhnij")]
health_component = NodePath("../HealthComponent")
sprite = NodePath("../Visuals/Sprite2D")
hit_flash_material = SubResource("ShaderMaterial_ft40f")

[node name="DeathComponent" parent="." node_paths=PackedStringArray("health_component", "sprite") instance=ExtResource("10_grywk")]
health_component = NodePath("../HealthComponent")
sprite = NodePath("../Visuals/Sprite2D")

[node name="HurtboxComponent" parent="." node_paths=PackedStringArray("health_component") instance=ExtResource("11_nhlc5")]
collision_layer = 0
collision_mask = 8
health_component = NodePath("../HealthComponent")

[node name="CollisionShape2D" type="CollisionShape2D" parent="HurtboxComponent"]
position = Vector2(-1.5, -9.15625)
shape = SubResource("RectangleShape2D_testd")

[node name="Abilities" type="Node2D" parent="."]

[node name="BaseEnemyAttack" type="Node2D" parent="Abilities" node_paths=PackedStringArray("anim_player", "hitbox_component")]
script = ExtResource("12_0c83d")
anim_player = NodePath("../../AnimationPlayer")
hitbox_component = NodePath("../../Visuals/HitboxComponent")

[node name="RangeToAttack" type="Area2D" parent="Abilities/BaseEnemyAttack"]
collision_layer = 0
collision_mask = 2

[node name="CollisionShape2D" type="CollisionShape2D" parent="Abilities/BaseEnemyAttack/RangeToAttack"]
position = Vector2(-1, -15)
shape = SubResource("CircleShape2D_fxdfc")

[node name="AttackIntervalTimer" type="Timer" parent="Abilities/BaseEnemyAttack"]
