[gd_scene load_steps=24 format=3 uid="uid://cbsjsbpu7p34r"]

[ext_resource type="Texture2D" uid="uid://k53kt26jbiwh" path="res://assets/enemy/jungle/enemy-02-Sheet.png" id="1_6qehr"]
[ext_resource type="Script" path="res://scenes/enemy/orc/orc.gd" id="1_bhlkc"]
[ext_resource type="PackedScene" uid="uid://b6tl0aqura5tb" path="res://scenes/components/hitbox_component.tscn" id="2_gnig8"]
[ext_resource type="PackedScene" uid="uid://uoieh0xg74m8" path="res://scenes/components/velocity_component.tscn" id="3_7japx"]
[ext_resource type="PackedScene" uid="uid://eq4d304mvq8" path="res://scenes/components/health_component.tscn" id="4_hh8d0"]
[ext_resource type="PackedScene" uid="uid://bqn3i0cwtbvgm" path="res://scenes/components/experience_drop_component.tscn" id="5_30jix"]
[ext_resource type="PackedScene" uid="uid://2ldweoxo7n1m" path="res://scenes/game_objects/experience_item/experience_item.tscn" id="6_ttbqs"]
[ext_resource type="PackedScene" uid="uid://bk3thb5yriv7w" path="res://scenes/components/hit_flash_component.tscn" id="7_3qyxd"]
[ext_resource type="Shader" path="res://resources/shader/hit_flash_component.gdshader" id="8_jsf5a"]
[ext_resource type="PackedScene" uid="uid://p2m5p3v1ldw6" path="res://scenes/components/death_component.tscn" id="9_14wjx"]
[ext_resource type="PackedScene" uid="uid://c4sk5bpce1i2e" path="res://scenes/components/hurtbox_component.tscn" id="10_aqu7f"]
[ext_resource type="Script" path="res://scenes/components/base_enemy_attack.gd" id="11_cmssd"]

[sub_resource type="SceneReplicationConfig" id="SceneReplicationConfig_q0vwx"]
properties/0/path = NodePath(".:position")
properties/0/spawn = true
properties/0/sync = true
properties/0/watch = false
properties/1/path = NodePath("AnimationPlayer:current_animation")
properties/1/spawn = true
properties/1/sync = true
properties/1/watch = false
properties/2/path = NodePath("Visuals:scale")
properties/2/spawn = true
properties/2/sync = true
properties/2/watch = false

[sub_resource type="Animation" id="Animation_w174n"]
length = 0.001
tracks/0/type = "value"
tracks/0/imported = false
tracks/0/enabled = true
tracks/0/path = NodePath("Visuals/Sprite2D:frame")
tracks/0/interp = 1
tracks/0/loop_wrap = true
tracks/0/keys = {
"times": PackedFloat32Array(0),
"transitions": PackedFloat32Array(1),
"update": 1,
"values": [0]
}
tracks/1/type = "value"
tracks/1/imported = false
tracks/1/enabled = true
tracks/1/path = NodePath("Visuals/HitboxComponent/CollisionShape2D:disabled")
tracks/1/interp = 1
tracks/1/loop_wrap = true
tracks/1/keys = {
"times": PackedFloat32Array(0),
"transitions": PackedFloat32Array(1),
"update": 1,
"values": [true]
}

[sub_resource type="Animation" id="Animation_fd7os"]
resource_name = "walk"
length = 0.6
tracks/0/type = "value"
tracks/0/imported = false
tracks/0/enabled = true
tracks/0/path = NodePath("Visuals/Sprite2D:frame")
tracks/0/interp = 1
tracks/0/loop_wrap = true
tracks/0/keys = {
"times": PackedFloat32Array(0, 0.1, 0.3, 0.4, 0.5),
"transitions": PackedFloat32Array(1, 1, 1, 1, 1),
"update": 1,
"values": [6, 7, 8, 9, 10]
}
tracks/1/type = "value"
tracks/1/imported = false
tracks/1/enabled = true
tracks/1/path = NodePath("Visuals/HitboxComponent/CollisionShape2D:disabled")
tracks/1/interp = 1
tracks/1/loop_wrap = true
tracks/1/keys = {
"times": PackedFloat32Array(0.2, 0.5),
"transitions": PackedFloat32Array(1, 1),
"update": 1,
"values": [false, true]
}

[sub_resource type="Animation" id="Animation_f3qmd"]
resource_name = "idle"
length = 0.1
tracks/0/type = "value"
tracks/0/imported = false
tracks/0/enabled = true
tracks/0/path = NodePath("Visuals/Sprite2D:frame")
tracks/0/interp = 1
tracks/0/loop_wrap = true
tracks/0/keys = {
"times": PackedFloat32Array(0),
"transitions": PackedFloat32Array(1),
"update": 1,
"values": [0]
}

[sub_resource type="Animation" id="Animation_bqpek"]
resource_name = "atk"
length = 0.6
loop_mode = 1
tracks/0/type = "value"
tracks/0/imported = false
tracks/0/enabled = true
tracks/0/path = NodePath("Visuals/Sprite2D:frame")
tracks/0/interp = 1
tracks/0/loop_wrap = true
tracks/0/keys = {
"times": PackedFloat32Array(0, 0.1, 0.2, 0.3, 0.4),
"transitions": PackedFloat32Array(1, 1, 1, 1, 1.46409),
"update": 1,
"values": [0, 1, 2, 3, 4]
}

[sub_resource type="AnimationLibrary" id="AnimationLibrary_w7l2a"]
_data = {
"RESET": SubResource("Animation_w174n"),
"attack": SubResource("Animation_fd7os"),
"idle": SubResource("Animation_f3qmd"),
"walk": SubResource("Animation_bqpek")
}

[sub_resource type="RectangleShape2D" id="RectangleShape2D_5rdvx"]
size = Vector2(17, 42)

[sub_resource type="CircleShape2D" id="CircleShape2D_d0g2s"]
radius = 9.0

[sub_resource type="ShaderMaterial" id="ShaderMaterial_yfxuj"]
resource_local_to_scene = true
shader = ExtResource("8_jsf5a")
shader_parameter/lerp_percent = null

[sub_resource type="RectangleShape2D" id="RectangleShape2D_hjeko"]
size = Vector2(21, 39)

[sub_resource type="CircleShape2D" id="CircleShape2D_k0g5c"]
radius = 35.0143

[node name="OrcEnemy" type="CharacterBody2D" groups=["enemy"]]
collision_layer = 16
collision_mask = 21
motion_mode = 1
script = ExtResource("1_bhlkc")

[node name="MultiplayerSynchronizer" type="MultiplayerSynchronizer" parent="."]
replication_config = SubResource("SceneReplicationConfig_q0vwx")

[node name="AnimationPlayer" type="AnimationPlayer" parent="."]
libraries = {
"": SubResource("AnimationLibrary_w7l2a")
}

[node name="Visuals" type="Node2D" parent="."]

[node name="Sprite2D" type="Sprite2D" parent="Visuals"]
texture = ExtResource("1_6qehr")
offset = Vector2(9, -16)
hframes = 11
region_rect = Rect2(134, 44, 24, 20)

[node name="HitboxComponent" parent="Visuals" instance=ExtResource("2_gnig8")]
collision_layer = 2
collision_mask = 0

[node name="CollisionShape2D" type="CollisionShape2D" parent="Visuals/HitboxComponent"]
position = Vector2(27, -14)
shape = SubResource("RectangleShape2D_5rdvx")
disabled = true

[node name="CollisionShape2D" type="CollisionShape2D" parent="."]
position = Vector2(0, 1)
shape = SubResource("CircleShape2D_d0g2s")

[node name="VelocityComponent" parent="." instance=ExtResource("3_7japx")]
MAX_SPEED = 20.0

[node name="HealthComponent" parent="." instance=ExtResource("4_hh8d0")]

[node name="DroppableComponent" parent="." node_paths=PackedStringArray("health_component") instance=ExtResource("5_30jix")]
health_component = NodePath("../HealthComponent")
exp_scene = ExtResource("6_ttbqs")

[node name="HitFlashComponent" parent="." node_paths=PackedStringArray("health_component", "sprite") instance=ExtResource("7_3qyxd")]
health_component = NodePath("../HealthComponent")
sprite = NodePath("../Visuals/Sprite2D")
hit_flash_material = SubResource("ShaderMaterial_yfxuj")

[node name="DeathComponent" parent="." node_paths=PackedStringArray("health_component", "sprite") instance=ExtResource("9_14wjx")]
health_component = NodePath("../HealthComponent")
sprite = NodePath("../Visuals/Sprite2D")

[node name="HurtboxComponent" parent="." node_paths=PackedStringArray("health_component") instance=ExtResource("10_aqu7f")]
collision_layer = 0
collision_mask = 8
health_component = NodePath("../HealthComponent")

[node name="CollisionShape2D" type="CollisionShape2D" parent="HurtboxComponent"]
position = Vector2(0.5, -12.5)
shape = SubResource("RectangleShape2D_hjeko")

[node name="Abilities" type="Node2D" parent="."]

[node name="BaseEnemyAttack" type="Node2D" parent="Abilities" node_paths=PackedStringArray("anim_player", "hitbox_component")]
script = ExtResource("11_cmssd")
anim_player = NodePath("../../AnimationPlayer")
hitbox_component = NodePath("../../Visuals/HitboxComponent")

[node name="RangeToAttack" type="Area2D" parent="Abilities/BaseEnemyAttack"]
collision_layer = 0
collision_mask = 2

[node name="CollisionShape2D" type="CollisionShape2D" parent="Abilities/BaseEnemyAttack/RangeToAttack"]
position = Vector2(-3, -5)
shape = SubResource("CircleShape2D_k0g5c")

[node name="AttackIntervalTimer" type="Timer" parent="Abilities/BaseEnemyAttack"]
