[gd_scene load_steps=16 format=3 uid="uid://bm38o2h5qlkct"]

[ext_resource type="Script" path="res://scenes/game_objects/gate_portal.gd" id="1_a6f5y"]
[ext_resource type="Shader" path="res://scenes/examples/pattern_aura1/pattern_aura_1.gdshader" id="2_bbmb8"]
[ext_resource type="Texture2D" uid="uid://lwnp45rm652j" path="res://assets/particles/pack2/star_04.png" id="3_a8oaq"]
[ext_resource type="Texture2D" uid="uid://chq3wdheghfuc" path="res://assets/particles/pack2/trace_07.png" id="4_oux3a"]
[ext_resource type="Texture2D" uid="uid://dlu8sbo14erfy" path="res://assets/particles/pack1/spotlight_2.png" id="5_8gxov"]

[sub_resource type="CircleShape2D" id="CircleShape2D_a1svr"]
radius = 45.0

[sub_resource type="Gradient" id="Gradient_e7wd4"]
offsets = PackedFloat32Array(0, 0.937677, 1)
colors = PackedColorArray(0.186042, 0.53654, 1, 1, 0.58, 0.923, 1, 1, 0.22025, 0.213, 0.3, 1)

[sub_resource type="GradientTexture1D" id="GradientTexture1D_iwr8g"]
gradient = SubResource("Gradient_e7wd4")

[sub_resource type="Gradient" id="Gradient_y0t7r"]
offsets = PackedFloat32Array(0.544872, 0.698718, 1)
colors = PackedColorArray(0, 0, 0, 1, 1, 1, 1, 1, 0, 0, 0, 1)

[sub_resource type="GradientTexture2D" id="GradientTexture2D_64m83"]
gradient = SubResource("Gradient_y0t7r")
fill = 1
fill_from = Vector2(0.5, 0.5)
fill_to = Vector2(0.5, 0)

[sub_resource type="ShaderMaterial" id="ShaderMaterial_v46ow"]
shader = ExtResource("2_bbmb8")
shader_parameter/center = Vector2(0.5, 0.5)
shader_parameter/zoom = 2.0
shader_parameter/repeat = 3.0
shader_parameter/speed = Vector2(0, -0.2)
shader_parameter/strength = 1.0
shader_parameter/mask_tex = SubResource("GradientTexture2D_64m83")
shader_parameter/gradient = SubResource("GradientTexture1D_iwr8g")

[sub_resource type="SceneReplicationConfig" id="SceneReplicationConfig_as37c"]
properties/0/path = NodePath(".:position")
properties/0/spawn = true
properties/0/sync = false
properties/0/watch = false
properties/1/path = NodePath("HasModifier:visible")
properties/1/spawn = true
properties/1/sync = true
properties/1/watch = false
properties/2/path = NodePath("Normal:visible")
properties/2/spawn = true
properties/2/sync = true
properties/2/watch = false
properties/3/path = NodePath("PanelContainer/Label:text")
properties/3/spawn = true
properties/3/sync = true
properties/3/watch = false

[sub_resource type="Animation" id="Animation_xfqja"]
length = 0.001
tracks/0/type = "value"
tracks/0/imported = false
tracks/0/enabled = true
tracks/0/path = NodePath(".:scale")
tracks/0/interp = 1
tracks/0/loop_wrap = true
tracks/0/keys = {
"times": PackedFloat32Array(0),
"transitions": PackedFloat32Array(1),
"update": 0,
"values": [Vector2(1, 1)]
}

[sub_resource type="Animation" id="Animation_y8hg6"]
resource_name = "fade_in"
tracks/0/type = "value"
tracks/0/imported = false
tracks/0/enabled = true
tracks/0/path = NodePath(".:scale")
tracks/0/interp = 2
tracks/0/loop_wrap = true
tracks/0/keys = {
"times": PackedFloat32Array(0, 1),
"transitions": PackedFloat32Array(1, 1),
"update": 0,
"values": [Vector2(0.1, 0.1), Vector2(1, 1)]
}

[sub_resource type="AnimationLibrary" id="AnimationLibrary_tw2qs"]
_data = {
"RESET": SubResource("Animation_xfqja"),
"fade_in": SubResource("Animation_y8hg6")
}

[node name="Gate" type="Area2D"]
collision_layer = 0
collision_mask = 4
script = ExtResource("1_a6f5y")

[node name="CollisionShape2D" type="CollisionShape2D" parent="."]
position = Vector2(-1, 0)
shape = SubResource("CircleShape2D_a1svr")

[node name="HasModifier" type="Sprite2D" parent="."]
material = SubResource("ShaderMaterial_v46ow")
position = Vector2(-2, 1)
scale = Vector2(0.167969, 0.167969)
texture = ExtResource("3_a8oaq")

[node name="Normal" type="Sprite2D" parent="."]
visible = false
material = SubResource("ShaderMaterial_v46ow")
position = Vector2(-2, 0)
scale = Vector2(0.167969, 0.167969)
texture = ExtResource("4_oux3a")

[node name="MultiplayerSynchronizer" type="MultiplayerSynchronizer" parent="."]
replication_interval = 1.0
delta_interval = 1.0
replication_config = SubResource("SceneReplicationConfig_as37c")

[node name="PointLight2D" type="PointLight2D" parent="."]
texture = ExtResource("5_8gxov")

[node name="PanelContainer" type="PanelContainer" parent="."]
visible = false
offset_left = -25.0
offset_top = -67.0
offset_right = 21.0
offset_bottom = -50.0

[node name="Label" type="Label" parent="PanelContainer"]
layout_mode = 2
text = "Normal"
horizontal_alignment = 1

[node name="AnimationPlayer" type="AnimationPlayer" parent="."]
autoplay = "fade_in"
libraries = {
"": SubResource("AnimationLibrary_tw2qs")
}
