[gd_scene load_steps=14 format=3 uid="uid://cjr73gt0ahc03"]

[ext_resource type="Script" path="res://scenes/ui/end_game.gd" id="1_bltvq"]
[ext_resource type="PackedScene" uid="uid://f3gitgow3s5u" path="res://scenes/components/random_audio/random_audio.tscn" id="2_ggdte"]
[ext_resource type="Shader" path="res://resources/shader/firework.gdshader" id="2_r5y4l"]
[ext_resource type="Script" path="res://scenes/components/random_audio/data.gd" id="3_imfga"]
[ext_resource type="AudioStream" uid="uid://c25h5oj23lnpk" path="res://assets/sound/combat/game status/game loose.wav" id="4_nfl71"]
[ext_resource type="AudioStream" uid="uid://dnwhc3oe7ad07" path="res://assets/sound/combat/game status/game win.wav" id="5_wl6nu"]

[sub_resource type="ShaderMaterial" id="ShaderMaterial_av4to"]
shader = ExtResource("2_r5y4l")
shader_parameter/TWOPI = 6.28319
shader_parameter/NUM_EXPLOSIONS = 8.0
shader_parameter/NUM_PARTICLES = 70.0
shader_parameter/MOD3 = Vector3(0.1031, 0.11369, 0.13787)

[sub_resource type="Animation" id="Animation_17wvv"]
length = 0.001
tracks/0/type = "value"
tracks/0/imported = false
tracks/0/enabled = true
tracks/0/path = NodePath("Message:scale")
tracks/0/interp = 1
tracks/0/loop_wrap = true
tracks/0/keys = {
"times": PackedFloat32Array(0),
"transitions": PackedFloat32Array(1),
"update": 0,
"values": [Vector2(1, 1)]
}
tracks/1/type = "value"
tracks/1/imported = false
tracks/1/enabled = true
tracks/1/path = NodePath("MarginContainer:position")
tracks/1/interp = 1
tracks/1/loop_wrap = true
tracks/1/keys = {
"times": PackedFloat32Array(0),
"transitions": PackedFloat32Array(1),
"update": 0,
"values": [Vector2(223, 75.5)]
}
tracks/2/type = "value"
tracks/2/imported = false
tracks/2/enabled = true
tracks/2/path = NodePath("MarginContainer:rotation")
tracks/2/interp = 1
tracks/2/loop_wrap = true
tracks/2/keys = {
"times": PackedFloat32Array(0),
"transitions": PackedFloat32Array(1),
"update": 0,
"values": [0.0]
}
tracks/3/type = "value"
tracks/3/imported = false
tracks/3/enabled = true
tracks/3/path = NodePath("MarginContainer:scale")
tracks/3/interp = 1
tracks/3/loop_wrap = true
tracks/3/keys = {
"times": PackedFloat32Array(0),
"transitions": PackedFloat32Array(1),
"update": 0,
"values": [Vector2(1, 1)]
}

[sub_resource type="Animation" id="Animation_0y44j"]
resource_name = "end_game"
loop_mode = 1
tracks/0/type = "value"
tracks/0/imported = false
tracks/0/enabled = true
tracks/0/path = NodePath("Message:scale")
tracks/0/interp = 1
tracks/0/loop_wrap = true
tracks/0/keys = {
"times": PackedFloat32Array(0, 0.6, 1),
"transitions": PackedFloat32Array(1, 1, 1),
"update": 0,
"values": [Vector2(1, 1), Vector2(1.1, 1.1), Vector2(1, 1)]
}

[sub_resource type="Animation" id="Animation_3ex5h"]
resource_name = "fade_in"
tracks/0/type = "value"
tracks/0/imported = false
tracks/0/enabled = true
tracks/0/path = NodePath("MarginContainer:position")
tracks/0/interp = 2
tracks/0/loop_wrap = true
tracks/0/keys = {
"times": PackedFloat32Array(0, 0.6, 1),
"transitions": PackedFloat32Array(1, 1, 1),
"update": 0,
"values": [Vector2(0, 75.5), Vector2(300, 75.5), Vector2(223, 75.5)]
}
tracks/1/type = "value"
tracks/1/imported = false
tracks/1/enabled = true
tracks/1/path = NodePath("MarginContainer:rotation")
tracks/1/interp = 2
tracks/1/loop_wrap = true
tracks/1/keys = {
"times": PackedFloat32Array(0.2, 1),
"transitions": PackedFloat32Array(1, 1),
"update": 0,
"values": [-0.261799, 0.0]
}
tracks/2/type = "value"
tracks/2/imported = false
tracks/2/enabled = true
tracks/2/path = NodePath("MarginContainer:scale")
tracks/2/interp = 1
tracks/2/loop_wrap = true
tracks/2/keys = {
"times": PackedFloat32Array(0.2, 0.9, 1),
"transitions": PackedFloat32Array(1, 1, 1),
"update": 0,
"values": [Vector2(0.5, 0.5), Vector2(1.1, 1), Vector2(1, 1)]
}

[sub_resource type="AnimationLibrary" id="AnimationLibrary_s5i02"]
_data = {
"RESET": SubResource("Animation_17wvv"),
"end_game": SubResource("Animation_0y44j"),
"fade_in": SubResource("Animation_3ex5h")
}

[sub_resource type="Resource" id="Resource_x016y"]
script = ExtResource("3_imfga")
sounds = Array[AudioStream]([ExtResource("4_nfl71")])
pitch_variant = 0.2

[sub_resource type="Resource" id="Resource_4w6k5"]
script = ExtResource("3_imfga")
sounds = Array[AudioStream]([ExtResource("5_wl6nu")])
pitch_variant = 0.2

[node name="EndGame" type="CanvasLayer"]
script = ExtResource("1_bltvq")

[node name="Firework" type="ColorRect" parent="."]
visible = false
material = SubResource("ShaderMaterial_av4to")
anchors_preset = 15
anchor_right = 1.0
anchor_bottom = 1.0
grow_horizontal = 2
grow_vertical = 2
size_flags_horizontal = 4
size_flags_vertical = 4
color = Color(1, 1, 1, 0)

[node name="Bg" type="ColorRect" parent="."]
anchors_preset = 15
anchor_right = 1.0
anchor_bottom = 1.0
grow_horizontal = 2
grow_vertical = 2
color = Color(0, 0, 0, 0.298039)

[node name="Message" type="Label" parent="."]
offset_left = 250.0
offset_top = 11.0
offset_right = 390.0
offset_bottom = 65.0
text = "..."
horizontal_alignment = 1
autowrap_mode = 2

[node name="MarginContainer" type="MarginContainer" parent="."]
anchors_preset = 8
anchor_left = 0.5
anchor_top = 0.5
anchor_right = 0.5
anchor_bottom = 0.5
offset_left = 223.0
offset_top = 75.5
offset_right = 417.0
offset_bottom = 284.5
grow_horizontal = 2
grow_vertical = 2
size_flags_horizontal = 4
size_flags_vertical = 4

[node name="Panel" type="Panel" parent="MarginContainer"]
layout_mode = 2
theme_type_variation = &"SkillUiSlot"

[node name="MarginContainer" type="MarginContainer" parent="MarginContainer"]
layout_mode = 2
theme_override_constants/margin_left = 16
theme_override_constants/margin_top = 16
theme_override_constants/margin_right = 16
theme_override_constants/margin_bottom = 16

[node name="Panel" type="Panel" parent="MarginContainer/MarginContainer"]
layout_mode = 2

[node name="MarginContainer" type="MarginContainer" parent="MarginContainer/MarginContainer"]
layout_mode = 2
theme_override_constants/margin_left = 16
theme_override_constants/margin_top = 16
theme_override_constants/margin_right = 16
theme_override_constants/margin_bottom = 16

[node name="VBoxContainer" type="VBoxContainer" parent="MarginContainer/MarginContainer/MarginContainer"]
layout_mode = 2
theme_override_constants/separation = 13

[node name="GameStatus" type="Label" parent="MarginContainer/MarginContainer/MarginContainer/VBoxContainer"]
unique_name_in_owner = true
layout_mode = 2
text = "..."
horizontal_alignment = 1
uppercase = true

[node name="Result" type="MarginContainer" parent="MarginContainer/MarginContainer/MarginContainer/VBoxContainer"]
layout_mode = 2

[node name="HBoxContainer" type="HBoxContainer" parent="MarginContainer/MarginContainer/MarginContainer/VBoxContainer/Result"]
layout_mode = 2

[node name="VBoxContainer" type="VBoxContainer" parent="MarginContainer/MarginContainer/MarginContainer/VBoxContainer/Result/HBoxContainer"]
layout_mode = 2

[node name="QuestCompleted" type="Label" parent="MarginContainer/MarginContainer/MarginContainer/VBoxContainer/Result/HBoxContainer/VBoxContainer"]
layout_mode = 2
text = "Quest completed  "

[node name="EnemyCount" type="Label" parent="MarginContainer/MarginContainer/MarginContainer/VBoxContainer/Result/HBoxContainer/VBoxContainer"]
layout_mode = 2
text = "Enemy killed "

[node name="LevelReach" type="Label" parent="MarginContainer/MarginContainer/MarginContainer/VBoxContainer/Result/HBoxContainer/VBoxContainer"]
layout_mode = 2
text = "Level reach  "

[node name="CoinGain" type="Label" parent="MarginContainer/MarginContainer/MarginContainer/VBoxContainer/Result/HBoxContainer/VBoxContainer"]
layout_mode = 2
text = "Coin gained    "

[node name="VBoxContainer2" type="VBoxContainer" parent="MarginContainer/MarginContainer/MarginContainer/VBoxContainer/Result/HBoxContainer"]
layout_mode = 2

[node name="QC" type="Label" parent="MarginContainer/MarginContainer/MarginContainer/VBoxContainer/Result/HBoxContainer/VBoxContainer2"]
unique_name_in_owner = true
layout_mode = 2
text = "0"

[node name="EC" type="Label" parent="MarginContainer/MarginContainer/MarginContainer/VBoxContainer/Result/HBoxContainer/VBoxContainer2"]
unique_name_in_owner = true
layout_mode = 2
text = "0"

[node name="LR" type="Label" parent="MarginContainer/MarginContainer/MarginContainer/VBoxContainer/Result/HBoxContainer/VBoxContainer2"]
unique_name_in_owner = true
layout_mode = 2
text = "0"

[node name="CG" type="Label" parent="MarginContainer/MarginContainer/MarginContainer/VBoxContainer/Result/HBoxContainer/VBoxContainer2"]
unique_name_in_owner = true
layout_mode = 2
text = "0"

[node name="BackToHome" type="Button" parent="MarginContainer/MarginContainer/MarginContainer/VBoxContainer"]
unique_name_in_owner = true
process_mode = 3
layout_mode = 2
text = "Return home"

[node name="AnimationPlayer" type="AnimationPlayer" parent="."]
libraries = {
"": SubResource("AnimationLibrary_s5i02")
}

[node name="Loose" parent="." instance=ExtResource("2_ggdte")]
data = SubResource("Resource_x016y")

[node name="Win" parent="." instance=ExtResource("2_ggdte")]
data = SubResource("Resource_4w6k5")
