[gd_scene load_steps=19 format=3 uid="uid://5svlf8b17evv"]

[ext_resource type="Texture2D" uid="uid://ulisphm5lg77" path="res://assets/ui/pause_menu/settings_board.png" id="1_gl7cu"]
[ext_resource type="Script" path="res://scenes/ui/lobby/browser/browser.gd" id="1_plv28"]
[ext_resource type="PackedScene" uid="uid://b6lmy1hlhav1x" path="res://scenes/ui/lobby/browser/row/row.tscn" id="3_qdv4k"]
[ext_resource type="Script" path="res://scenes/ui/lobby/browser/edit_name_btn.gd" id="3_wxg23"]
[ext_resource type="PackedScene" uid="uid://cd7t6l56u5itm" path="res://scenes/ui/lobby/browser/edit_name/edit_name.tscn" id="4_bbcun"]
[ext_resource type="Theme" uid="uid://wnljq1xo8vof" path="res://assets/ui/pause_menu/pause_button.tres" id="5_6tx5e"]
[ext_resource type="Script" path="res://scenes/ui/lobby/browser/create_lobby_btn.gd" id="5_tppjf"]
[ext_resource type="PackedScene" uid="uid://da22c3lsbtf0i" path="res://scenes/ui/lobby/browser/creating/create_lobby.tscn" id="6_y6vgf"]
[ext_resource type="PackedScene" uid="uid://cnddhi2rgu7op" path="res://scenes/ui/lobby/waiting/waiting_lobby.tscn" id="7_ej3h4"]
[ext_resource type="PackedScene" uid="uid://3ruuk7cxjcmx" path="res://scenes/components/random_audio_ui/random_audio_ui.tscn" id="10_mrfko"]
[ext_resource type="Script" path="res://scenes/components/random_audio/data.gd" id="11_qc3v1"]
[ext_resource type="AudioStream" uid="uid://cbftjqc1jhsec" path="res://assets/sound/button_hover.ogg" id="12_uarmn"]
[ext_resource type="AudioStream" uid="uid://c3644yow8nw2q" path="res://assets/sound/button_pressed.ogg" id="13_k40ly"]

[sub_resource type="StyleBoxTexture" id="StyleBoxTexture_7xjvt"]
content_margin_left = 10.0
content_margin_top = 25.0
content_margin_right = 11.0
content_margin_bottom = 20.0
texture = ExtResource("1_gl7cu")

[sub_resource type="Resource" id="Resource_py7kj"]
script = ExtResource("11_qc3v1")
sounds = Array[AudioStream]([ExtResource("12_uarmn")])
pitch_variant = 0.2

[sub_resource type="Resource" id="Resource_r2nh6"]
script = ExtResource("11_qc3v1")
sounds = Array[AudioStream]([ExtResource("13_k40ly")])
pitch_variant = 0.2

[sub_resource type="StyleBoxFlat" id="StyleBoxFlat_wj4dr"]
bg_color = Color(0.792157, 0.533333, 0.345098, 1)
corner_radius_top_left = 6
corner_radius_top_right = 6

[sub_resource type="StyleBoxEmpty" id="StyleBoxEmpty_pxw20"]

[node name="LobbyBrowser" type="PanelContainer"]
process_mode = 3
anchors_preset = 8
anchor_left = 0.5
anchor_top = 0.5
anchor_right = 0.5
anchor_bottom = 0.5
offset_left = -250.0
offset_top = -154.0
offset_right = 250.0
offset_bottom = 143.0
grow_horizontal = 2
grow_vertical = 2
theme_override_styles/panel = SubResource("StyleBoxTexture_7xjvt")
script = ExtResource("1_plv28")
row_scene = ExtResource("3_qdv4k")
waiting_lobby_scene = ExtResource("7_ej3h4")

[node name="RefreshTimer" type="Timer" parent="."]
wait_time = 0.5
autostart = true

[node name="VBoxContainer" type="VBoxContainer" parent="."]
layout_mode = 2

[node name="MarginContainer" type="MarginContainer" parent="VBoxContainer"]
layout_mode = 2
theme_override_constants/margin_left = 10
theme_override_constants/margin_right = 10

[node name="HBoxContainer" type="HBoxContainer" parent="VBoxContainer/MarginContainer"]
custom_minimum_size = Vector2(0, 30)
layout_mode = 2

[node name="EditName" type="Button" parent="VBoxContainer/MarginContainer/HBoxContainer"]
layout_mode = 2
theme = ExtResource("5_6tx5e")
text = "Edit name"
script = ExtResource("3_wxg23")
edit_name_scene = ExtResource("4_bbcun")

[node name="CreateLobby" type="Button" parent="VBoxContainer/MarginContainer/HBoxContainer"]
layout_mode = 2
size_flags_horizontal = 10
theme = ExtResource("5_6tx5e")
text = "Create Lobby"
script = ExtResource("5_tppjf")
create_lobby_scene = ExtResource("6_y6vgf")
waiting_lobby_scene = ExtResource("7_ej3h4")

[node name="RandomAudioUI" parent="VBoxContainer/MarginContainer" node_paths=PackedStringArray("control_nodes", "button_nodes") instance=ExtResource("10_mrfko")]
control_nodes = [NodePath("../HBoxContainer/EditName"), NodePath("../HBoxContainer/CreateLobby")]
hover_audio = SubResource("Resource_py7kj")
button_nodes = [NodePath("../HBoxContainer/EditName"), NodePath("../HBoxContainer/CreateLobby")]
click_audio = SubResource("Resource_r2nh6")

[node name="Label" type="Label" parent="VBoxContainer"]
layout_mode = 2
theme_type_variation = &"label_variant1"
text = "Available Lobbies"
horizontal_alignment = 1

[node name="VBoxContainer" type="VBoxContainer" parent="VBoxContainer"]
layout_mode = 2
theme_override_constants/separation = 0

[node name="PanelContainer" type="PanelContainer" parent="VBoxContainer/VBoxContainer"]
custom_minimum_size = Vector2(0, 20)
layout_mode = 2
theme_override_styles/panel = SubResource("StyleBoxFlat_wj4dr")

[node name="HBoxContainer" type="HBoxContainer" parent="VBoxContainer/VBoxContainer/PanelContainer"]
layout_mode = 2

[node name="Label" type="Label" parent="VBoxContainer/VBoxContainer/PanelContainer/HBoxContainer"]
layout_mode = 2
size_flags_horizontal = 3
text = "Lobby Name"
horizontal_alignment = 1
vertical_alignment = 1

[node name="Label2" type="Label" parent="VBoxContainer/VBoxContainer/PanelContainer/HBoxContainer"]
layout_mode = 2
size_flags_horizontal = 3
text = "Created By"
horizontal_alignment = 1
vertical_alignment = 1

[node name="Label3" type="Label" parent="VBoxContainer/VBoxContainer/PanelContainer/HBoxContainer"]
layout_mode = 2
size_flags_horizontal = 3
text = "Players"
horizontal_alignment = 1
vertical_alignment = 1

[node name="Label4" type="Label" parent="VBoxContainer/VBoxContainer/PanelContainer/HBoxContainer"]
layout_mode = 2
size_flags_horizontal = 3
text = "Password"
horizontal_alignment = 1
vertical_alignment = 1

[node name="ScrollContainer" type="ScrollContainer" parent="VBoxContainer/VBoxContainer"]
custom_minimum_size = Vector2(0, 150)
layout_mode = 2
theme_override_styles/panel = SubResource("StyleBoxEmpty_pxw20")
horizontal_scroll_mode = 0

[node name="RowContainer" type="VBoxContainer" parent="VBoxContainer/VBoxContainer/ScrollContainer"]
unique_name_in_owner = true
layout_mode = 2
size_flags_horizontal = 3

[node name="MarginContainer2" type="MarginContainer" parent="."]
layout_mode = 2
size_flags_horizontal = 4
size_flags_vertical = 4

[node name="CanvasLayer" type="CanvasLayer" parent="."]

[node name="BackBtn" type="Button" parent="CanvasLayer"]
offset_left = 9.0
offset_top = 328.0
offset_right = 58.0
offset_bottom = 350.0
theme = ExtResource("5_6tx5e")
text = "<< Back"

[connection signal="timeout" from="RefreshTimer" to="." method="_on_refresh_timer_timeout"]
[connection signal="pressed" from="VBoxContainer/MarginContainer/HBoxContainer/EditName" to="VBoxContainer/MarginContainer/HBoxContainer/EditName" method="_on_pressed"]
[connection signal="pressed" from="VBoxContainer/MarginContainer/HBoxContainer/CreateLobby" to="VBoxContainer/MarginContainer/HBoxContainer/CreateLobby" method="_on_pressed"]
[connection signal="pressed" from="CanvasLayer/BackBtn" to="." method="_on_back_pressed"]
