[gd_scene load_steps=24 format=3 uid="uid://c8eyb358ofdmv"]

[ext_resource type="Script" path="res://scenes/enemy/scripts/basic_enemy.gd" id="1_v58f7"]
[ext_resource type="Texture2D" uid="uid://cmtpjqhrma8i1" path="res://assets/enemy/jungle/Cactus-enemy-1003-Sheet.png" id="2_8s00k"]
[ext_resource type="PackedScene" uid="uid://b6tl0aqura5tb" path="res://scenes/components/hitbox_component.tscn" id="3_21my6"]
[ext_resource type="PackedScene" uid="uid://uoieh0xg74m8" path="res://scenes/components/velocity_component.tscn" id="4_du7f2"]
[ext_resource type="PackedScene" uid="uid://eq4d304mvq8" path="res://scenes/components/health_component.tscn" id="5_01u0v"]
[ext_resource type="PackedScene" uid="uid://bqn3i0cwtbvgm" path="res://scenes/components/experience_drop_component.tscn" id="6_enb1l"]
[ext_resource type="PackedScene" uid="uid://2ldweoxo7n1m" path="res://scenes/game_objects/experience_item/experience_item.tscn" id="7_10w4l"]
[ext_resource type="PackedScene" uid="uid://bk3thb5yriv7w" path="res://scenes/components/hit_flash_component.tscn" id="8_misir"]
[ext_resource type="Shader" path="res://resources/shader/hit_flash_component.gdshader" id="9_w3bw4"]
[ext_resource type="PackedScene" uid="uid://p2m5p3v1ldw6" path="res://scenes/components/death_component.tscn" id="10_tc6cx"]
[ext_resource type="PackedScene" uid="uid://c4sk5bpce1i2e" path="res://scenes/components/hurtbox_component.tscn" id="11_foky7"]
[ext_resource type="Script" path="res://scenes/components/base_enemy_attack.gd" id="12_ous6w"]

[sub_resource type="SceneReplicationConfig" id="SceneReplicationConfig_ob2xb"]
properties/0/path = NodePath(".:position")
properties/0/spawn = true
properties/0/sync = true
properties/0/watch = false
properties/1/path = NodePath("AnimationPlayer:current_animation")
properties/1/spawn = true
properties/1/sync = true
properties/1/watch = false
properties/2/path = NodePath("Visuals:scale")
properties/2/spawn = true
properties/2/sync = true
properties/2/watch = false

[sub_resource type="Animation" id="Animation_31lv5"]
length = 0.001
tracks/0/type = "value"
tracks/0/imported = false
tracks/0/enabled = true
tracks/0/path = NodePath("Visuals/Sprite2D:frame")
tracks/0/interp = 1
tracks/0/loop_wrap = true
tracks/0/keys = {
"times": PackedFloat32Array(0),
"transitions": PackedFloat32Array(1),
"update": 1,
"values": [0]
}
tracks/1/type = "value"
tracks/1/imported = false
tracks/1/enabled = true
tracks/1/path = NodePath("Visuals/HitboxComponent/CollisionShape2D:disabled")
tracks/1/interp = 1
tracks/1/loop_wrap = true
tracks/1/keys = {
"times": PackedFloat32Array(0),
"transitions": PackedFloat32Array(1),
"update": 1,
"values": [false]
}

[sub_resource type="Animation" id="Animation_rkg34"]
resource_name = "attack"
length = 0.4
tracks/0/type = "value"
tracks/0/imported = false
tracks/0/enabled = true
tracks/0/path = NodePath("Visuals/Sprite2D:frame")
tracks/0/interp = 1
tracks/0/loop_wrap = true
tracks/0/keys = {
"times": PackedFloat32Array(0, 0.1, 0.2, 0.3),
"transitions": PackedFloat32Array(1, 1, 1, 1),
"update": 1,
"values": [0, 1, 2, 3]
}
tracks/1/type = "value"
tracks/1/imported = false
tracks/1/enabled = true
tracks/1/path = NodePath("Visuals/HitboxComponent/CollisionShape2D:disabled")
tracks/1/interp = 1
tracks/1/loop_wrap = true
tracks/1/keys = {
"times": PackedFloat32Array(0, 0.4),
"transitions": PackedFloat32Array(1, 1),
"update": 1,
"values": [false, true]
}

[sub_resource type="Animation" id="Animation_bnm50"]
resource_name = "idle"
length = 0.05
tracks/0/type = "value"
tracks/0/imported = false
tracks/0/enabled = true
tracks/0/path = NodePath("Visuals/Sprite2D:frame")
tracks/0/interp = 1
tracks/0/loop_wrap = true
tracks/0/keys = {
"times": PackedFloat32Array(0),
"transitions": PackedFloat32Array(1),
"update": 1,
"values": [0]
}

[sub_resource type="Animation" id="Animation_idobk"]
resource_name = "walk"
length = 0.4
tracks/0/type = "value"
tracks/0/imported = false
tracks/0/enabled = true
tracks/0/path = NodePath("Visuals/Sprite2D:frame")
tracks/0/interp = 1
tracks/0/loop_wrap = true
tracks/0/keys = {
"times": PackedFloat32Array(0, 0.1, 0.2, 0.3),
"transitions": PackedFloat32Array(1, 1, 1, 1),
"update": 1,
"values": [0, 1, 2, 3]
}

[sub_resource type="AnimationLibrary" id="AnimationLibrary_2kmvb"]
_data = {
"RESET": SubResource("Animation_31lv5"),
"attack": SubResource("Animation_rkg34"),
"idle": SubResource("Animation_bnm50"),
"walk": SubResource("Animation_idobk")
}

[sub_resource type="RectangleShape2D" id="RectangleShape2D_ivs71"]
size = Vector2(27, 34.5)

[sub_resource type="CircleShape2D" id="CircleShape2D_f84kk"]
radius = 7.07107

[sub_resource type="ShaderMaterial" id="ShaderMaterial_olion"]
resource_local_to_scene = true
shader = ExtResource("9_w3bw4")
shader_parameter/lerp_percent = null

[sub_resource type="RectangleShape2D" id="RectangleShape2D_testd"]
size = Vector2(25, 30)

[sub_resource type="CircleShape2D" id="CircleShape2D_fxdfc"]
radius = 21.2132

[node name="CactusEnemy" type="CharacterBody2D" groups=["enemy"]]
collision_layer = 16
collision_mask = 21
motion_mode = 1
script = ExtResource("1_v58f7")

[node name="MultiplayerSynchronizer" type="MultiplayerSynchronizer" parent="."]
replication_config = SubResource("SceneReplicationConfig_ob2xb")

[node name="AnimationPlayer" type="AnimationPlayer" parent="."]
libraries = {
"": SubResource("AnimationLibrary_2kmvb")
}

[node name="Visuals" type="Node2D" parent="."]

[node name="Sprite2D" type="Sprite2D" parent="Visuals"]
position = Vector2(-6, 0)
texture = ExtResource("2_8s00k")
offset = Vector2(9, -16)
hframes = 4
region_rect = Rect2(134, 44, 24, 20)

[node name="HitboxComponent" parent="Visuals" instance=ExtResource("3_21my6")]
collision_layer = 2
collision_mask = 0

[node name="CollisionShape2D" type="CollisionShape2D" parent="Visuals/HitboxComponent"]
position = Vector2(3.5, -14.75)
shape = SubResource("RectangleShape2D_ivs71")

[node name="CollisionShape2D" type="CollisionShape2D" parent="."]
position = Vector2(3, -5)
shape = SubResource("CircleShape2D_f84kk")

[node name="VelocityComponent" parent="." instance=ExtResource("4_du7f2")]
MAX_SPEED = 20.0

[node name="HealthComponent" parent="." instance=ExtResource("5_01u0v")]

[node name="DroppableComponent" parent="." node_paths=PackedStringArray("health_component") instance=ExtResource("6_enb1l")]
health_component = NodePath("../HealthComponent")
exp_scene = ExtResource("7_10w4l")

[node name="HitFlashComponent" parent="." node_paths=PackedStringArray("health_component", "sprite") instance=ExtResource("8_misir")]
health_component = NodePath("../HealthComponent")
sprite = NodePath("../Visuals/Sprite2D")
hit_flash_material = SubResource("ShaderMaterial_olion")

[node name="DeathComponent" parent="." node_paths=PackedStringArray("health_component", "sprite") instance=ExtResource("10_tc6cx")]
health_component = NodePath("../HealthComponent")
sprite = NodePath("../Visuals/Sprite2D")

[node name="HurtboxComponent" parent="." node_paths=PackedStringArray("health_component") instance=ExtResource("11_foky7")]
collision_layer = 0
collision_mask = 8
health_component = NodePath("../HealthComponent")

[node name="CollisionShape2D" type="CollisionShape2D" parent="HurtboxComponent"]
position = Vector2(2.5, -16)
shape = SubResource("RectangleShape2D_testd")

[node name="Abilities" type="Node2D" parent="."]

[node name="BaseEnemyAttack" type="Node2D" parent="Abilities" node_paths=PackedStringArray("anim_player", "hitbox_component")]
script = ExtResource("12_ous6w")
anim_player = NodePath("../../AnimationPlayer")
hitbox_component = NodePath("../../Visuals/HitboxComponent")

[node name="RangeToAttack" type="Area2D" parent="Abilities/BaseEnemyAttack"]
collision_layer = 0
collision_mask = 2

[node name="CollisionShape2D" type="CollisionShape2D" parent="Abilities/BaseEnemyAttack/RangeToAttack"]
position = Vector2(1, -16)
shape = SubResource("CircleShape2D_fxdfc")

[node name="AttackIntervalTimer" type="Timer" parent="Abilities/BaseEnemyAttack"]
